<record><leader>00000cas a22000007a 4500</leader><controlfield tag="001">10372536</controlfield><controlfield tag="008">840203d18681878njuwr ne      0    0eng d</controlfield><datafield ind1=" " ind2=" " tag="010"><subfield code="a">sn 84026286 </subfield></datafield><datafield ind1=" " ind2=" " tag="040"><subfield code="a">NPU</subfield><subfield code="b">eng</subfield><subfield code="c">NPU</subfield><subfield code="d">NPX</subfield><subfield code="d">NPA</subfield><subfield code="d">NJW</subfield><subfield code="d">OCLCQ</subfield></datafield><datafield ind1=" " ind2=" " tag="042"><subfield code="a">msc</subfield></datafield><datafield ind1="0" ind2="4" tag="245"><subfield code="a">The Family casket.</subfield></datafield><datafield ind1=" " ind2=" " tag="260"><subfield code="a">White House Station, N.J. :</subfield><subfield code="b">A.J. Shampanore,</subfield><subfield code="c">1868-</subfield></datafield><datafield ind1=" " ind2=" " tag="300"><subfield code="a">v. :</subfield><subfield code="b">ill. ;</subfield><subfield code="c">56 cm.</subfield></datafield><datafield ind1=" " ind2=" " tag="310"><subfield code="a">Weekly</subfield></datafield><datafield ind1="0" ind2=" " tag="362"><subfield code="a">Vol. 1, no. 1 (Apr. 8, 1868)-</subfield></datafield><datafield ind1="1" ind2=" " tag="362"><subfield code="a">Ceased in Apr. 1878.</subfield><subfield code="z">Cf. Wright, W.C. and Stellhorn, P.A. Direct. of N.J. newspapers.</subfield></datafield><datafield ind1=" " ind2=" " tag="500"><subfield code="a">Published at Bound Brook, N.J., Jan. 30-Apr. 1878.</subfield></datafield><datafield ind1=" " ind2=" " tag="500"><subfield code="a">Editor: Andrew Jackson Shampanore, 1868-1878.</subfield></datafield><datafield ind1=" " ind2=" " tag="515"><subfield code="a">Suspended in Dec. 1877; resumed with Jan. 30, 1878 issue.</subfield></datafield><datafield ind1=" " ind2=" " tag="530"><subfield code="a">Also issued on microfilm by Norton Micro Images.</subfield></datafield><datafield ind1=" " ind2=" " tag="752"><subfield code="a">United States</subfield><subfield code="b">New Jersey</subfield><subfield code="c">Hunterdon</subfield><subfield code="d">White House Station.</subfield></datafield><datafield ind1=" " ind2=" " tag="752"><subfield code="a">United States</subfield><subfield code="b">New Jersey</subfield><subfield code="c">Somerset</subfield><subfield code="d">Bound Brook.</subfield></datafield><datafield ind1="0" ind2="0" tag="785"><subfield code="t">Bound Brook chronicle (1878)</subfield><subfield code="w">(DLC)sn 85035655</subfield><subfield code="w">(OCoLC)13039601</subfield></datafield><datafield ind1="1" ind2=" " tag="029"><subfield code="a">AU@</subfield><subfield code="b">000025841194</subfield></datafield></record>